<record xmlns="http://www.loc.gov/MARC21/slim" xmlns:xsi="http://www.w3.org/2001/XMLSchema-instance" xsi:schemaLocation="http://www.loc.gov/MARC21/slim http://www.loc.gov/standards/marcxml/schema/MARC21slim.xsd"><leader>01140cz   2200289n  4500</leader><controlfield tag="001">oca00277039 </controlfield><controlfield tag="005">20000427115108.0</controlfield><controlfield tag="008">790509n| acannaab           |a aaa      </controlfield><datafield ind1=" " ind2=" " tag="010"><subfield code="a">n  79043619 </subfield></datafield><datafield ind1=" " ind2=" " tag="040"><subfield code="a">DLC</subfield><subfield code="c">DLC</subfield><subfield code="d">DLC</subfield><subfield code="d">MH</subfield><subfield code="d">MnHi</subfield><subfield code="d">DLC</subfield></datafield><datafield ind1="0" ind2=" " tag="100"><subfield code="a">Charlemagne,</subfield><subfield code="c">Emperor,</subfield><subfield code="d">742-814</subfield></datafield><datafield ind1="0" ind2=" " tag="400"><subfield code="a">Karol Wielki,</subfield><subfield code="c">Emperor,</subfield><subfield code="d">742-814</subfield></datafield><datafield ind1="0" ind2=" " tag="400"><subfield code="a">Karl</subfield><subfield code="b">I der Grosse,</subfield><subfield code="c">Emperor,</subfield><subfield code="d">742-814</subfield></datafield><datafield ind1="0" ind2=" " tag="400"><subfield code="a">Carolus Magnus,</subfield><subfield code="c">Emperor,</subfield><subfield code="d">742-814</subfield></datafield><datafield ind1="0" ind2=" " tag="400"><subfield code="a">ShaÌ&#x84;rlmaÌ&#x84;n,</subfield><subfield code="c">Emperor,</subfield><subfield code="d">742-814</subfield></datafield><datafield ind1="0" ind2=" " tag="400"><subfield code="a">Charles the Great,</subfield><subfield code="c">Emperor,</subfield><subfield code="d">742-814</subfield></datafield><datafield ind1="0" ind2=" " tag="400"><subfield code="a">Karl VelikiiÌ&#x86;,</subfield><subfield code="c">Emperor,</subfield><subfield code="d">742-814</subfield></datafield><datafield ind1="0" ind2=" " tag="400"><subfield code="a">Charlemagne,</subfield><subfield code="d">742-814</subfield><subfield code="w">nnaa</subfield></datafield><datafield ind1="0" ind2=" " tag="400"><subfield code="a">Carlo Magno,</subfield><subfield code="c">Emperor,</subfield><subfield code="d">742-814</subfield></datafield><datafield ind1="0" ind2=" " tag="400"><subfield code="a">Karolus Magnus,</subfield><subfield code="c">Emperor,</subfield><subfield code="d">742-814</subfield></datafield><datafield ind1="0" ind2=" " tag="400"><subfield code="a">Karl the Great,</subfield><subfield code="c">Emperor,</subfield><subfield code="d">742-814</subfield></datafield><datafield ind1="0" ind2=" " tag="400"><subfield code="a">Carlomagno,</subfield><subfield code="c">Emperor,</subfield><subfield code="d">742-814</subfield></datafield><datafield ind1=" " ind2=" " tag="670"><subfield code="a">Karl der Grosse ode Charlemagne? 1935.</subfield></datafield><datafield ind1=" " ind2=" " tag="670"><subfield code="a">Pepe, G. Carlo Magno, Federico II, 1978.</subfield></datafield><datafield ind1=" " ind2=" " tag="670"><subfield code="a">Pseudo-Turpin. Die Chronik v. Karl dem Grossen u. Roland, c1986:</subfield><subfield code="b">p. 12 (Historia Karoli Magni et Rotholandi)</subfield></datafield><datafield ind1=" " ind2=" " tag="670"><subfield code="a">Klein, C.M.  Karl the Great, 1927.</subfield></datafield><datafield ind1=" " ind2=" " tag="670"><subfield code="a">Cardini, F. Carlomagno, 1998.</subfield></datafield></record>